@Book{ilin_matan,
  author = {В. А. Ильин, В. А. Садовничий, Б. Х. Сендов},
  title = {Математический анализ, продолжение курса},
  year = 1987,
  url = {
    https://docs.yandex.ru/docs/view?url=ya-disk-public%3A%2F%2FTffbYHUpstqibPiGAqP%2BAVXidTciqaVOg5nRVMDOxOTx1qEMpaQcg2UvudcAoNB7q%2FJ6bpmRyOJonT3VoXnDag%3D%3D%3A%2F2%20%D0%BA%D1%83%D1%80%D1%81%2F%D0%9C%D0%B0%D1%82%D0%B0%D0%BD%20%D0%B8%20%D0%A2%D0%A4%D0%9A%D0%9F%2F1.%20%D0%9A%D0%BD%D0%B8%D0%B3%D0%B8%2F1.%20%D0%94%D0%B5%D0%B9%D1%81%D1%82%D0%B2%D0%B8%D1%82%D0%B5%D0%BB%D1%8C%D0%BD%D1%8B%D0%B9%20%D0%B0%D0%BD%D0%B0%D0%BB%D0%B8%D0%B7%2F%5B%D1%81%D0%B8%D0%BD%D0%B8%D0%B9%5D%20%D0%98%D0%BB%D1%8C%D0%B8%D0%BD%2C%20%D0%A1%D0%B0%D0%B4%D0%BE%D0%B2%D0%BD%D0%B8%D1%87%D0%B8%D0%B9%2C%20%D0%A1%D0%B5%D0%BD%D0%B4%D0%BE%D0%B2%20(%D1%87.2)%2F%D0%98%D0%BB%D1%8C%D0%B8%D0%BD%2C%20%D0%A1%D0%B0%D0%B4%D0%BE%D0%B2%D0%BD%D0%B8%D1%87%D0%B8%D0%B9%2C%20%D0%A1%D0%B5%D0%BD%D0%B4%D0%BE%D0%B2%20-%20%D0%9C%D0%90.pdf&name=%D0%98%D0%BB%D1%8C%D0%B8%D0%BD%2C%20%D0%A1%D0%B0%D0%B4%D0%BE%D0%B2%D0%BD%D0%B8%D1%87%D0%B8%D0%B9%2C%20%D0%A1%D0%B5%D0%BD%D0%B4%D0%BE%D0%B2%20-%20%D0%9C%D0%90.pdf&nosw=1
  }
}


@Book{kim,
  author = {Г. Д. Ким, В. А. Ильин},
  title = {Линейная алгебра и аналитическая геометрия},
  year = 2007,
  url = {
    https://docs.yandex.ru/docs/view?url=ya-disk-public%3A%2F%2FljGJ%2FKUXSQtTRipROZYgmj8jQzsO4AYeV8pj3SCje6DOOVzqfrd3y0zmdcMVc%2BPSq%2FJ6bpmRyOJonT3VoXnDag%3D%3D%3A%2F1%20%D0%BA%D1%83%D1%80%D1%81%2F%D0%90%D0%BB%D0%B3%D0%B5%D0%B1%D1%80%D0%B0%20%D0%B8%20%D0%B3%D0%B5%D0%BE%D0%BC%D0%B5%D1%82%D1%80%D0%B8%D1%8F%20(%D0%9B%D0%B8%D0%BD%D0%B0%D0%BB)%2F1.%20%D0%9A%D0%BD%D0%B8%D0%B3%D0%B8%2F%5B%D0%A3%D1%87%D0%B5%D0%B1%D0%BD%D0%B8%D0%BA%5D%20%D0%9A%D0%B8%D0%BC%2C%20%D0%98%D0%BB%D1%8C%D0%B8%D0%BD%20(%D0%9B%D0%B8%D0%BD%D0%B5%D0%B9%D0%BD%D0%B0%D1%8F%20%D0%B0%D0%BB%D0%B3%D0%B5%D0%B1%D1%80%D0%B0%20%D0%B8%20%D0%B0%D0%BD%D0%B0%D0%BB%D0%B8%D1%82%D0%B8%D1%87%D0%B5%D1%81%D0%BA%D0%B0%D1%8F%20%D0%B3%D0%B5%D0%BE%D0%BC%D0%B5%D1%82%D1%80%D0%B8%D1%8F).pdf&name=%5B%D0%A3%D1%87%D0%B5%D0%B1%D0%BD%D0%B8%D0%BA%5D%20%D0%9A%D0%B8%D0%BC%2C%20%D0%98%D0%BB%D1%8C%D0%B8%D0%BD%20(%D0%9B%D0%B8%D0%BD%D0%B5%D0%B9%D0%BD%D0%B0%D1%8F%20%D0%B0%D0%BB%D0%B3%D0%B5%D0%B1%D1%80%D0%B0%20%D0%B8%20%D0%B0%D0%BD%D0%B0%D0%BB%D0%B8%D1%82%D0%B8%D1%87%D0%B5%D1%81%D0%BA%D0%B0%D1%8F%20%D0%B3%D0%B5%D0%BE%D0%BC%D0%B5%D1%82%D1%80%D0%B8%D1%8F).pdf
  }
}


@Book{pilschikov,
  author = {В. Н. Пильщиков, В. Г. Абрамов, А. А. Вылиток},
  title = {Машина Тьюринга и алгоритмы Маркова. Решение задач. Учебно-методическое пособие.},
  year = 2016,
  url = {
    https://docs.yandex.ru/docs/view?url=ya-disk-public%3A%2F%2FljGJ%2FKUXSQtTRipROZYgmj8jQzsO4AYeV8pj3SCje6DOOVzqfrd3y0zmdcMVc%2BPSq%2FJ6bpmRyOJonT3VoXnDag%3D%3D%3A%2F1%20%D0%BA%D1%83%D1%80%D1%81%2F%5B1%20%D0%BF%D0%BE%D1%82%D0%BE%D0%BA%2C%201%20%D1%81%D0%B5%D0%BC.%5D%20%D0%90%D0%BB%D0%B3%D0%BE%D1%80%D0%B8%D1%82%D0%BC%D1%8B%20%D0%B8%20%D0%90%D0%AF%2F1.%20%D0%9A%D0%BD%D0%B8%D0%B3%D0%B8%2F%D0%9F%D0%B8%D0%BB%D1%8C%D1%89%D0%B8%D0%BA%D0%BE%D0%B2%20-%20%D0%9C%D0%B0%D1%88%D0%B8%D0%BD%D0%B0%20%D0%A2%D1%8C%D1%8E%D1%80%D0%B8%D0%BD%D0%B3%D0%B0%20%D0%B8%20%D0%B0%D0%BB%D0%B3%D0%BE%D1%80%D0%B8%D1%82%D0%BC%D1%8B%20%D0%9C%D0%B0%D1%80%D0%BA%D0%BE%D0%B2%D0%B0(2016).pdf&name=%D0%9F%D0%B8%D0%BB%D1%8C%D1%89%D0%B8%D0%BA%D0%BE%D0%B2%20-%20%D0%9C%D0%B0%D1%88%D0%B8%D0%BD%D0%B0%20%D0%A2%D1%8C%D1%8E%D1%80%D0%B8%D0%BD%D0%B3%D0%B0%20%D0%B8%20%D0%B0%D0%BB%D0%B3%D0%BE%D1%80%D0%B8%D1%82%D0%BC%D1%8B%20%D0%9C%D0%B0%D1%80%D0%BA%D0%BE%D0%B2%D0%B0(2016).pdf&nosw=1
  }
}


@Book{mashbook,
  author = {Маш-Маш},
  title = {Машбук. Операционные системы. Конспект лекций.},
  year = 2017,
  url = {
    https://docs.yandex.ru/docs/view?url=ya-disk-public%3A%2F%2FljGJ%2FKUXSQtTRipROZYgmj8jQzsO4AYeV8pj3SCje6DOOVzqfrd3y0zmdcMVc%2BPSq%2FJ6bpmRyOJonT3VoXnDag%3D%3D%3A%2F2%20%D0%BA%D1%83%D1%80%D1%81%2F%D0%9F%D1%80%D0%BE%D0%B3%D1%80%D0%B0%D0%BC%D0%BC%D0%B8%D1%80%D0%BE%D0%B2%D0%B0%D0%BD%D0%B8%D0%B5%2F1.%20%D0%9E%D0%BF%D0%B5%D1%80%D0%B0%D1%86%D0%B8%D0%BE%D0%BD%D0%BD%D1%8B%D0%B5%20%D1%81%D0%B8%D1%81%D1%82%D0%B5%D0%BC%D1%8B%2F1.%20%D0%9A%D0%BD%D0%B8%D0%B3%D0%B8%20(%D0%B2%20%D1%81%D0%BE%D0%BE%D1%82%D0%B2%D0%B5%D1%82%D1%81%D0%B2%D0%B8%D0%B8%20%D1%81%D0%BE%20%D1%81%D0%BF%D0%B8%D1%81%D0%BA%D0%BE%D0%BC%20%D0%BB%D0%B8%D1%82-%D1%80%D1%8B%20%D1%81%20%D0%BB%D0%B5%D0%BA%D1%86%D0%B8%D0%B9)%2F2017.%20%D0%9C%D0%B0%D1%88%D0%B1%D1%83%D0%BA.pdf&name=2017.%20%D0%9C%D0%B0%D1%88%D0%B1%D1%83%D0%BA.pdf&nosw=1
  }
}


@Book{gerbert,
  author = {Герберт Шилдт},
  title = {C++. Шаг за шагом},
  year = 2013,
  url = {
    https://drive.google.com/file/d/1-fCB_A7zkX9YYSGyEnkDpOogTYgUcQV0/view?usp=sharing
  }
}


@Book{bdbook,
  author = {С. Д. Кузнецов},
  title = {Основы современных БД},
  year = 2019,
  url = {
    https://drive.google.com/file/d/1uvAyzdQt9yHSusCXvrb7BZ_d1Yfh_D1Q/view?usp=sharing
  }
}


@Book{denisov,
  author = {А. М. Денисов, А. В. Разгулин},
  title = {Обыкновенные дифференциальные уравнения, часть 1},
  year = 2009,
  url = {
    https://drive.google.com/file/d/1piqpfimj19np-256y8QIstlzqBJdG-Cs/view?usp=sharing
  }
}


@Book{denisov2,
  author = {А. М. Денисов, А. В. Разгулин},
  title = {Обыкновенные дифференциальные уравнения, часть 2},
  url = {
    https://shorturl.at/kqJNO
  }
}


@Book{SadovnichayaOprIntegral,
  author = {И.В. Садовничая, Е.В. Хорошилова},
  title = {Определенный интеграл},
  url = {
    https://docs.yandex.ru/docs/view?url=ya-disk-public%3A%2F%2FljGJ%2FKUXSQtTRipROZYgmj8jQzsO4AYeV8pj3SCje6DOOVzqfrd3y0zmdcMVc%2BPSq%2FJ6bpmRyOJonT3VoXnDag%3D%3D%3A%2F1%20%D0%BA%D1%83%D1%80%D1%81%2F%D0%9C%D0%B0%D1%82%D0%B5%D0%BC%D0%B0%D1%82%D0%B8%D1%87%D0%B5%D1%81%D0%BA%D0%B8%D0%B9%20%D0%B0%D0%BD%D0%B0%D0%BB%D0%B8%D0%B7%2F1.%20%D0%9A%D0%BD%D0%B8%D0%B3%D0%B8%2F%5B%D0%9C%D0%B5%D1%82%D0%BE%D0%B4%D0%B8%D1%87%D0%BA%D0%B8%5D%20%D0%A1%D0%B0%D0%B4%D0%BE%D0%B2%D0%BD%D0%B8%D1%87%D0%B0%D1%8F%20%D0%A5%D0%BE%D1%80%D0%BE%D1%88%D0%B8%D0%BB%D0%BE%D0%B2%D0%B0%20%D0%A4%D0%BE%D0%BC%D0%B5%D0%BD%D0%BA%D0%BE%2F5.%20%D0%A1%D0%B0%D0%B4%D0%BE%D0%B2%D0%BD%D0%B8%D1%87%D0%B0%D1%8F.%20%D0%9E%D0%BF%D1%80%D0%B5%D0%B4%D0%B5%D0%BB%D0%B5%D0%BD%D0%BD%D1%8B%D0%B9%20%D0%B8%D0%BD%D1%82%D0%B5%D0%B3%D1%80%D0%B0%D0%BB.pdf&name=5.%20%D0%A1%D0%B0%D0%B4%D0%BE%D0%B2%D0%BD%D0%B8%D1%87%D0%B0%D1%8F.%20%D0%9E%D0%BF%D1%80%D0%B5%D0%B4%D0%B5%D0%BB%D0%B5%D0%BD%D0%BD%D1%8B%D0%B9%20%D0%B8%D0%BD%D1%82%D0%B5%D0%B3%D1%80%D0%B0%D0%BB.pdf
  }
}


@Book{chimi,
  author = {Н.И. Ионкин},
  title = {Лекции по курсу Численные методы},
  year = 2015,
  url = {
    https://docs.yandex.ru/docs/view?url=ya-disk-public%3A%2F%2FljGJ%2FKUXSQtTRipROZYgmj8jQzsO4AYeV8pj3SCje6DOOVzqfrd3y0zmdcMVc%2BPSq%2FJ6bpmRyOJonT3VoXnDag%3D%3D%3A%2F4%20%D0%BA%D1%83%D1%80%D1%81%2F3%20%D0%BF%D0%BE%D1%82%D0%BE%D0%BA%2F%D0%A7%D0%B8%D1%81%D0%BB%D0%B5%D0%BD%D0%BD%D1%8B%D0%B5%20%D0%BC%D0%B5%D1%82%D0%BE%D0%B4%D1%8B%2F%D0%BC%D0%B5%D1%82%D0%BE%D0%B4%D0%B8%D1%87%D0%BA%D0%B0%2C%20%D0%BB%D0%B5%D0%BA%D1%86%D0%B8%D0%B8%2F%D0%A7%D0%B8%D1%81%D0%BB%D0%B5%D0%BD%D0%BD%D1%8B%D0%B5%20%D0%BC%D0%B5%D1%82%D0%BE%D0%B4%D1%8B.%20%D0%98%D0%BE%D0%BD%D0%BA%D0%B8%D0%BD%20(%D0%BC%D0%B5%D1%82%D0%BE%D0%B4%D0%B8%D1%87%D0%BA%D0%B0)%20(2015).pdf&name=%D0%A7%D0%B8%D1%81%D0%BB%D0%B5%D0%BD%D0%BD%D1%8B%D0%B5%20%D0%BC%D0%B5%D1%82%D0%BE%D0%B4%D1%8B.%20%D0%98%D0%BE%D0%BD%D0%BA%D0%B8%D0%BD%20(%D0%BC%D0%B5%D1%82%D0%BE%D0%B4%D0%B8%D1%87%D0%BA%D0%B0)%20(2015).pdf&nosw=1
  }
}


@Book{matanBySashaK,
  author = {И.С. Ломов, А.А. Никитин},
  title = {Рукописные лекции по математическому анализу},
  year = {2019}
}


@Book{stat_book,
  author = {И. С. Рожков, А. С. Рыгин},
  title = {Почти наверное достаточное учебное пособие. Теория вероятностей и математическая статистика. Статбук},
  year = {2020},
  url = {
    https://mandaloreultimate.github.io/stat-book/main.pdf
  }
}


@Book{urmati_tikhonov,
  author = {А. Н. Тихонов, А. А. Самарский},
  title = {Уравнения матемтической физики},
  year = 1977,
  url = {
    https://docviewer.yandex.ru/view/102697704/?*=b%2Ft9LX22Pg1KxdGBFlY305K%2B7pN7InVybCI6InlhLWRpc2stcHVibGljOi8vbGpHSi9LVVhTUXRUUmlwUk9aWWdtajhqUXpzTzRBWWVWOHBqM1NDamU2RE9PVnpxZnJkM3kwem1kY01WYytQU3EvSjZicG1SeU9Kb25UM1ZvWG5EYWc9PTovMyDQutGD0YDRgS8zINC%2F0L7RgtC%2B0LovWzUg0YHQtdC8Ll0g0KPRgNCw0LLQvdC10L3QuNGPINC80LDRgtC10LzQsNGC0LjRh9C10YHQutC%2B0Lkg0YTQuNC30LjQutC4LzEuINCa0L3QuNCz0Lgv0JTQvtC%2F0L7Qu9C90LjRgtC10LvRjNC90L4v0KLQuNGF0L7QvdC%2B0LIg0JAu0J0uINCh0LDQvNCw0YDRgdC60LjQuSDQkC7QkC4g0KPRgNCw0LLQvdC10L3QuNGPINC80LDRgtC10LzQsNGC0LjRh9C10YHQutC%2B0Lkg0YTQuNC30LjQutC4ICgxOTc3KS5kanZ1IiwidGl0bGUiOiLQotC40YXQvtC90L7QsiDQkC7QnS4g0KHQsNC80LDRgNGB0LrQuNC5INCQLtCQLiDQo9GA0LDQstC90LXQvdC40Y8g0LzQsNGC0LXQvNCw0YLQuNGH0LXRgdC60L7QuSDRhNC40LfQuNC60LggKDE5NzcpLmRqdnUiLCJub2lmcmFtZSI6ZmFsc2UsInVpZCI6IjEwMjY5NzcwNCIsInRzIjoxNjUyMTk2MTQ5NDU4LCJ5dSI6IjIxNjE2ODAxNTE2NDk4NTE0MTIifQ%3D%3D
  }
}


@Book{chm_samarski_gulin,
  author = {А. А. Самарский, А. В. Гулин},
  title = {Численные методы},
  year = 1989,
  url = {
    http://samarskii.ru/books/book1989.pdf
  }
}


@book{dragonbook,
  title = {Компиляторы: принципы, технологии и инструментарий (Драгонбук)},
  author = {Ульман, Д. and Сети, Р. and Лам, М. and Ахо, А.},
  isbn = {9785041399252},
  url = {
    https://books.google.ru/books?id=PH11DwAAQBAJ
  },
  year = {2022},
  publisher = {ЛитРес}
}


@Book{funcan_spring,
  title = {Лекции Е. И. Моисеева, весна 2020-2021},
  author = {Е. И. Моисеев},
  url = {
    https://docs.yandex.ru/docs/view?url=ya-disk-public%3A%2F%2FljGJ%2FKUXSQtTRipROZYgmj8jQzsO4AYeV8pj3SCje6DOOVzqfrd3y0zmdcMVc%2BPSq%2FJ6bpmRyOJonT3VoXnDag%3D%3D%3A%2F3%20курс%2F1%20поток%2F%5B6%20сем.%5D%20Функциональный%20анализ%2FЛекции%20Е.И.%20Моисеева%202020-2021.pdf&name=Лекции%20Е.И.%20Моисеева%202020-2021.pdf
  }
}

@Book{funcan_antonevich,
    title = {Функциональный анализ и интегральные уравнения},
    author = {А. Б. Антоневич, Я. В. Радыно},
    url = {
    https://docviewer.yandex.ru/view/303319572/?page=311&*=a4o1B0xFGagyFN1QBRE3E4IFk797InVybCI6InlhLWRpc2stcHVibGljOi8vVGZmYllIVXBzdHFpYlBpR0FxUCtBVlhpZFRjaXFhVk9nNW5SVk1ET3hPVHgxcUVNcGFRY2cyVXZ1ZGNBb05CN3EvSjZicG1SeU9Kb25UM1ZvWG5EYWc9PTovMyDQutGD0YDRgS8xINC%2F0L7RgtC%2B0LovWzUg0YHQtdC8Ll0g0KTRg9C90LrRhtC40L7QvdCw0LvRjNC90YvQuSDQsNC90LDQu9C40Lcv0JrQvdC40LPQuC9b0KPRh9C10LHQvdC40LpdICgyMDA2KSDQkNC90YLQvtC90LXQstC40YcsINCg0LDQtNGL0L3QviAtINCk0JAgKNC%2F0L7QtNGA0L7QsdC90LXQtSDQuCDQv9GA0L7RidC1LCDQvdC%2BINC60YDRg9C%2F0L3Ri9C1INC%2B0L%2FQtdGH0LDRgtC60LgpLmRqdnUiLCJ0aXRsZSI6IlvQo9GH0LXQsdC90LjQul0gKDIwMDYpINCQ0L3RgtC%2B0L3QtdCy0LjRhywg0KDQsNC00YvQvdC%2BIC0g0KTQkCAo0L%2FQvtC00YDQvtCx0L3QtdC1INC4INC%2F0YDQvtGJ0LUsINC90L4g0LrRgNGD0L%2FQvdGL0LUg0L7Qv9C10YfQsNGC0LrQuCkuZGp2dSIsIm5vaWZyYW1lIjpmYWxzZSwidWlkIjoiMzAzMzE5NTcyIiwidHMiOjE2ODQwNzc0NTY3NzAsInl1IjoiODgwMjQzMTgwMTY4MzIyNTUwMiJ9
    }
}


@misc{funcan_sergeev_lections,
    title = {Лекции по функциональному анализу},
    author = {А. Г. Сергеев},
    url = {
    https://www.mi-ras.ru/noc/13_14/2/sergeev/funkan.pdf
    }
}


@Book{moiseev,
  author = {Моисеев},
  url = {
    https://shorturl.at/aGK37
  }
}


@Book{ilin_poznyak_matan,
  author = {В. А. Ильин, Э. Г. Позняк},
  title = {Основы математического анализа: Часть 1},
  year = 2005,
  url = {
    https://docs.yandex.ru/docs/view?url=ya-disk-public%3A%2F%2FTffbYHUpstqibPiGAqP%2BAVXidTciqaVOg5nRVMDOxOTx1qEMpaQcg2UvudcAoNB7q%2FJ6bpmRyOJonT3VoXnDag%3D%3D%3A%2F1%20%D0%BA%D1%83%D1%80%D1%81%2F%D0%9C%D0%B0%D1%82%D0%B5%D0%BC%D0%B0%D1%82%D0%B8%D1%87%D0%B5%D1%81%D0%BA%D0%B8%D0%B9%20%D0%B0%D0%BD%D0%B0%D0%BB%D0%B8%D0%B7%2F1.%20%D0%9A%D0%BD%D0%B8%D0%B3%D0%B8%2F%D0%94%D0%BE%D0%BF%D0%BE%D0%BB%D0%BD%D0%B8%D1%82%D0%B5%D0%BB%D1%8C%D0%BD%D1%8B%D0%B5%2F%D0%9E%D1%81%D0%BD%D0%BE%D0%B2%D1%8B%20%D0%BC%D0%B0%D1%82%D0%B5%D0%BC%D0%B0%D1%82%D0%B8%D1%87%D0%B5%D1%81%D0%BA%D0%BE%D0%B3%D0%BE%20%D0%B0%D0%BD%D0%B0%D0%BB%D0%B8%D0%B7%D0%B0.%20%D0%98%D0%BB%D1%8C%D0%B8%D0%BD%20%D0%9F%D0%BE%D0%B7%D0%BD%D1%8F%D0%BA%20(%D1%87%D0%B0%D1%81%D1%82%D1%8C1).pdf&name=%D0%9E%D1%81%D0%BD%D0%BE%D0%B2%D1%8B%20%D0%BC%D0%B0%D1%82%D0%B5%D0%BC%D0%B0%D1%82%D0%B8%D1%87%D0%B5%D1%81%D0%BA%D0%BE%D0%B3%D0%BE%20%D0%B0%D0%BD%D0%B0%D0%BB%D0%B8%D0%B7%D0%B0.%20%D0%98%D0%BB%D1%8C%D0%B8%D0%BD%20%D0%9F%D0%BE%D0%B7%D0%BD%D1%8F%D0%BA%20(%D1%87%D0%B0%D1%81%D1%82%D1%8C1).pdf
  }
}


@Book{super_computers_lections,
  title = {Лекции по СКиПОДам 2020},
  author = {В. Воеводин},
  url = {
    https://docs.yandex.ru/docs/view?url=ya-disk-public%3A%2F%2FljGJ%2FKUXSQtTRipROZYgmj8jQzsO4AYeV8pj3SCje6DOOVzqfrd3y0zmdcMVc%2BPSq%2FJ6bpmRyOJonT3VoXnDag%3D%3D%3A%2F4%20курс%2F2%20поток%2FПоточные%2F7%20семестр%2FСКиПОДы%2FЛекции%2FСлайды%2Fall_slides.pdf&name=all_slides.pdf
  }
}


@Book{chmmf,
  author = {М. В. Абакумов, А. В. Гулин},
  title = {Лекции по численным методам математической физики},
  year = 2013,
  url = {
    https://shorturl.at/jktQZ
  }
}
